<record><leader>00000cas a22000007a 4500</leader><controlfield tag="001">11527428</controlfield><controlfield tag="008">841227d18661869cauwr ne      0    0eng d</controlfield><datafield ind1=" " ind2=" " tag="010"><subfield code="a">sn 84038794 </subfield></datafield><datafield ind1=" " ind2=" " tag="040"><subfield code="a">NPX</subfield><subfield code="b">eng</subfield><subfield code="c">NPX</subfield><subfield code="d">CNK</subfield><subfield code="d">OCLCQ</subfield></datafield><datafield ind1=" " ind2=" " tag="042"><subfield code="a">msc</subfield></datafield><datafield ind1="0" ind2="0" tag="245"><subfield code="a">Havilah weekly courier.</subfield></datafield><datafield ind1="3" ind2="0" tag="246"><subfield code="a">Weekly Havilah courier</subfield></datafield><datafield ind1="3" ind2="0" tag="246"><subfield code="a">Havilah courier</subfield></datafield><datafield ind1=" " ind2=" " tag="260"><subfield code="a">Havilah, Kern County, Cal. :</subfield><subfield code="b">Courier Pub. Co.</subfield></datafield><datafield ind1=" " ind2=" " tag="300"><subfield code="a">v.</subfield></datafield><datafield ind1=" " ind2=" " tag="310"><subfield code="a">Weekly</subfield></datafield><datafield ind1="0" ind2=" " tag="362"><subfield code="a">Vol. 1, no. 8 (Oct. 6, 1866)-v. 4, no. 18 (Dec. 14, 1869).</subfield></datafield><datafield ind1=" " ind2=" " tag="500"><subfield code="a">Published as: Weekly Havilah courier, Nov. 9, 1869.</subfield></datafield><datafield ind1=" " ind2=" " tag="515"><subfield code="a">Issues for Aug. 17, 1867-Dec. 14, 1869 also called: whole no. 53 -whole no. 174.</subfield></datafield><datafield ind1=" " ind2="4" tag="651"><subfield code="a">Kern County (Calif.)</subfield><subfield code="v">Newspapers.</subfield></datafield><datafield ind1=" " ind2=" " tag="752"><subfield code="a">United States</subfield><subfield code="b">California</subfield><subfield code="c">Kern</subfield><subfield code="d">Havilah.</subfield></datafield><datafield ind1="0" ind2="0" tag="780"><subfield code="t">Weekly courier (Havilah, Calif.)</subfield><subfield code="w">(DLC)sn 92068958</subfield></datafield><datafield ind1="0" ind2="0" tag="785"><subfield code="t">Kern County weekly courier</subfield><subfield code="w">(DLC)sn 84038761</subfield></datafield></record>